@inproceedings{divine,
 author = {Balakrishnan, Gogul and Reps, Thomas},
 title = {DIVINE: Discovering Variables in Executables},
 booktitle = {Proceedings of the 8th International Conference on Verification, Model Checking, and Abstract Interpretation},
 series = {VMCAI'07},
 year = {2007},
 isbn = {978-3-540-69735-0},
 location = {Nice, France},
 pages = {1--28},
 numpages = {28},
 url = {http://dl.acm.org/citation.cfm?id=1763048.1763050},
 acmid = {1763050},
 publisher = {Springer-Verlag},
 address = {Berlin, Heidelberg},
}


@incollection{alternating_CFG_reconstruction,
year={2012},
isbn={978-3-642-27939-3},
booktitle={Verification, Model Checking, and Abstract Interpretation},
volume={7148},
series={Lecture Notes in Computer Science},
editor={Kuncak, Viktor and Rybalchenko, Andrey},
doi={10.1007/978-3-642-27940-9_18},
title={Alternating Control Flow Reconstruction},
url={http://dx.doi.org/10.1007/978-3-642-27940-9_18},
publisher={Springer Berlin Heidelberg},
author={Kinder, Johannes and Kravchenko, Dmitry},
pages={267-282}
}

